<?xml version="1.0" encoding="UTF-8"?><collection xmlns="http://www.loc.gov/MARC21/slim"><record><leader>00430nam--2200169-u-4500</leader><controlfield tag="001">000055635</controlfield><controlfield tag="002">20161230</controlfield><controlfield tag="005">20161230201052</controlfield><controlfield tag="008">130305s1000------------r-----000-0-eng-d</controlfield><datafield ind1=" " ind2=" " tag="040"><subfield code="a">IFIN-HH</subfield></datafield><datafield ind1=" " ind2=" " tag="080"><subfield code="a">82=774(038)</subfield></datafield><datafield ind1="1" ind2=" " tag="100"><subfield code="a">Salnova, A.V</subfield></datafield><datafield ind1="1" ind2="0" tag="245"><subfield code="a">Karmannii russko-novogreceskii slovari</subfield><subfield code="c">A.v. salnova</subfield></datafield><datafield ind1=" " ind2=" " tag="260"><subfield code="a">Moskva</subfield><subfield code="b">Russkii Iazik</subfield><subfield code="c">1986</subfield></datafield><datafield ind1=" " ind2=" " tag="300"><subfield code="a">296P</subfield></datafield><datafield ind1=" " ind2=" " tag="852"><subfield code="a">D.681</subfield><subfield code="c">SLCH</subfield></datafield><datafield ind1=" " ind2=" " tag="CAT"><subfield code="a">Sys</subfield><subfield code="c">20130305</subfield><subfield code="h">180316</subfield></datafield></record></collection>